@article{赵强2021空气污染对商业健康保险需求的影响,
  author  = {赵强 and 孙健},
  issn    = {1005-3492},
  journal = {兰州学刊},
  pages   = {64-78},
  title   = {空气污染对商业健康保险需求的影响——基于秦岭淮河地区的实证研究},
  volume  = {},
  year    = {2021}
}
@article{郑慧2016中国财险业台风灾害偿付能力评估,
  author  = {郑慧 and 赵昕 and 贾敦智},
  doi     = {10.16339/j.cnki.hdxbcjb.2016.06.007},
  issn    = {1003-7217},
  journal = {财经理论与实践},
  pages   = {42-46},
  title   = {中国财险业台风灾害偿付能力评估——基于Cummins模型的研究},
  volume  = {37},
  year    = {2016}
}
@article{于也雯0财产和生命双重风险约束下的家庭资产选择,
  author  = {于也雯 and 龚雅娴 and 陈斌开 and 李辉文},
  doi     = {10.19581/j.cnki.ciejournal.2022.05.003},
  issn    = {1006-480X},
  journal = {中国工业经济},
  pages   = {43-61},
  title   = {财产和生命双重风险约束下的家庭资产选择——基于地震风险的研究},
  volume  = {},
  year    = {2022}
}
@mastersthesis{杨娜娜2019自然灾害与企业现金持有,
  author = {杨娜娜},
  school = {内蒙古大学},
  title  = {自然灾害与企业现金持有},
  year   = {2019}
}

@article{黄英君2008论我国产险公司分散性业务营销模式的创新,
  author  = {黄英君},
  issn    = {1004-3306},
  journal = {保险研究},
  pages   = {44-47},
  title   = {论我国产险公司分散性业务营销模式的创新},
  volume  = {},
  year    = {2008}
}

@article{张钦2017高寒生态脆弱区农户对气候变化的适应需求,
  author  = {王亚茹 and 赵雪雁 and 张钦 and 雒丽},
  issn    = {1000-0585},
  journal = {地理研究},
  pages   = {1273-1287},
  title   = {高寒生态脆弱区农户的气候变化适应策略——以甘南高原为例},
  volume  = {35},
  year    = {2016}
}

@article{胡新艳2021气候变化,
  author  = {胡新艳 and 郑沃林},
  doi     = {10.19503/j.cnki.1000-2529.2021.02.010},
  issn    = {1000-2529},
  journal = {湖南师范大学社会科学学报},
  pages   = {95-104},
  title   = {气候变化、农业风险与农户农业保险购买行为},
  volume  = {50},
  year    = {2021}
}

@article{宋平凡2022空气污染,
  author  = {宋平凡 and 朱振辉 and 周志翔 and 谭常春},
  doi     = {10.19361/j.er.2022.06.13},
  issn    = {1005-3425},
  journal = {经济评论},
  pages   = {150-166},
  title   = {空气污染、风险感知与健康保险需求},
  volume  = {},
  year    = {2022}
}

@article{宋章良2021我国中老年家庭风险偏好对商业保险购买行为的影响研究,
  author  = {宋章良 and 张新月 and 原彰 and 李建国},
  issn    = {1007-9378},
  journal = {当代经济},
  pages   = {88-91},
  title   = {我国中老年家庭风险偏好对商业保险购买行为的影响研究},
  volume  = {},
  year    = {2021}
}

@article{章元0地震冲击对风险偏好的影响,
  author  = {章元 and 刘茜楠 and 段白鸽},
  doi     = {10.19985/j.cnki.cassjwe.2022.02.002},
  issn    = {1002-9621},
  journal = {世界经济},
  pages   = {213-236},
  title   = {地震冲击对风险偏好的影响：来自中国城镇家庭的证据},
  volume  = {45},
  year    = {2022}
}

@article{赵翠霞2018城郊失地农民的家庭资产选择及其影响因素,
  author  = {李岩 and 赵尚梅 and 赵翠霞},
  issn    = {1007-4333},
  journal = {中国农业大学学报},
  pages   = {219-227},
  title   = {城郊失地农民家庭资产选择的特征及其心理机制分析——基于行为经济学视角},
  volume  = {24},
  year    = {2019}
}

@article{孙武军2023商业健康保险的配置能够改变家庭的风险偏好吗,
  author  = {孙武军 and 秦宇璇},
  doi     = {10.13916/j.cnki.issn1671-511x.2023.03.011},
  issn    = {1671-511X},
  journal = {东南大学学报(哲学社会科学版)},
  pages   = {41-50+146-147},
  title   = {商业健康保险的配置能够改变家庭的风险偏好吗?——基于CHFS(2017)的实证研究},
  volume  = {25},
  year    = {2023}
}

@phdthesis{石双2018收入与风险偏好,
  author = {石双},
  school = {武汉大学},
  title  = {收入与风险偏好:贫富差距变化预期的调节作用},
  year   = {2018}
}

@article{徐小华2019女性劳动参与会影响家庭资产配置风险偏好吗,
  author  = {徐小华 and 吴恩平 and 王琪},
  doi     = {10.16110/j.cnki.issn2095-3151.2019.21.006},
  issn    = {2095-3151},
  journal = {经济研究参考},
  pages   = {59-74},
  title   = {女性劳动参与会影响家庭资产配置风险偏好吗},
  volume  = {},
  year    = {2019}
}

@phdthesis{王晶2021年龄结构,
  author = {王晶},
  school = {西南财经大学},
  title  = {年龄结构、风险偏好与家庭投资决策},
  year   = {2021}
}

@article{赵颖2017中国劳动者的风险偏好与职业选择,
  author  = {赵颖},
  issn    = {1002-8390},
  journal = {经济学动态},
  pages   = {62-76},
  title   = {中国劳动者的风险偏好与职业选择},
  volume  = {},
  year    = {2017}
}

@article{梁立俊2018受教育程度与主客观风险偏好,
  author  = {梁立俊 and 吴帆},
  doi     = {10.15907/j.cnki.23-1450.2018.07.029},
  issn    = {1008-8717},
  journal = {牡丹江大学学报},
  pages   = {107-111},
  title   = {受教育程度与主客观风险偏好——基于CHFS的微观证据},
  volume  = {27},
  year    = {2018}
}

@article{雷晓燕2010中国家庭的资产组合选择,
  author  = {雷晓燕 and 周月刚},
  issn    = {1002-7246},
  journal = {金融研究},
  pages   = {31-45},
  title   = {中国家庭的资产组合选择:健康状况与风险偏好},
  volume  = {},
  year    = {2010}
}

@article{吴大明2021近年来全球极端天气气候事件情况及影响分析,
  author  = {吴大明},
  issn    = {1002-4549},
  journal = {中国减灾},
  pages   = {22-25},
  title   = {近年来全球极端天气气候事件情况及影响分析},
  volume  = {},
  year    = {2021}
}

@article{王丽颖2023极端天气预报指数和集合异常预报法在浙江台风和梅雨暴雨预报中的应用,
  author  = {王丽颖 and 娄小芬 and 罗玲 and 钱浩},
  issn    = {1009-0827},
  journal = {气象科学},
  pages   = {25-35},
  title   = {极端天气预报指数和集合异常预报法在浙江台风和梅雨暴雨预报中的应用},
  volume  = {43},
  year    = {2023}
}

@phdthesis{钱忠华2012增暖背景下基于概率理论与过程性原理极端天气气候事件的检测及其特征研究,
  author = {钱忠华},
  school = {兰州大学},
  title  = {增暖背景下基于概率理论与过程性原理极端天气气候事件的检测及其特征研究},
  year   = {2012}
}

@article{傅良2022ECMWF,
  author  = {傅良 and 罗玲 and 张玉静 and 娄小芬 and 钱浩},
  issn    = {1009-0827},
  journal = {气象科学},
  pages   = {182-192},
  title   = {ECMWF极端天气指数在华东台风降水预报中的应用和检验},
  volume  = {42},
  year    = {2022}
}


@article{梁来存2019气温天气指数保险的费率厘定,
  author  = {梁来存 and 周勇},
  issn    = {1007-3116},
  journal = {统计与信息论坛},
  pages   = {57-65},
  title   = {气温天气指数保险的费率厘定——以粮食作物为例},
  volume  = {34},
  year    = {2019}
}

@article{马姝瑞2014,
  author  = {李仪 and 叶常青 and 李根林},
  issn    = {1673-1360},
  journal = {保险职业学院学报},
  pages   = {48-51},
  title   = {从高温险的噱头性和保障性看新奇险种的监管},
  volume  = {29},
  year    = {2015}
}
@article{尹红2019基于,
  author  = {尹红 and 孙颖},
  issn    = {1673-1719},
  journal = {气候变化研究进展},
  pages   = {363-373},
  title   = {基于ETCCDI指数2017年中国极端温度和降水特征分析},
  volume  = {15},
  year    = {2019}
}

@article{田玲2009中国财产保险业巨灾损失赔付能力实证研究,
  author  = {田玲 and 左斐},
  issn    = {1004-3306},
  journal = {保险研究},
  pages   = {65-70},
  title   = {中国财产保险业巨灾损失赔付能力实证研究},
  volume  = {},
  year    = {2009}
}

@article{张旭升2010中国巨灾风险暴露与巨灾保险赔付不对称实证,
  author  = {张旭升},
  doi     = {10.16059/j.cnki.cn43-1008/c.2010.03.080},
  issn    = {1001-490X},
  journal = {求索},
  pages   = {51-53},
  title   = {中国巨灾风险暴露与巨灾保险赔付不对称实证},
  volume  = {},
  year    = {2010}
}

@article{蓝虹2022气候保险概念的拓展及作用机理分析,
  author  = {蓝虹 and 马福良 and 陈雨萌 and 王思阳},
  issn    = {1006-1770},
  journal = {新金融},
  pages   = {37-44},
  title   = {气候保险概念的拓展及作用机理分析},
  volume  = {},
  year    = {2022}
}

@article{袁宇锋翟盘茂2022全球变暖与城市效应共同作用下的极端天气气候事件变化的最新认知,
  author  = {袁宇锋 and 翟盘茂},
  doi     = {10.13878/j.cnki.dqkxxb.20211011001},
  issn    = {1674-7097},
  journal = {大气科学学报},
  pages   = {161-166},
  title   = {全球变暖与城市效应共同作用下的极端天气气候事件变化的最新认知},
  volume  = {45},
  year    = {2022}
}

@article{CYJJ202104009,
  author  = {王丽萍 and 姚子婷 and 李创},
  doi     = {10.13269/j.cnki.ier.2021.04.009},
  issn    = {1671-9301},
  journal = {产业经济研究},
  pages   = {115-128},
  title   = {新环保法对上市工业企业绩效影响的准自然实验研究},
  volume  = {04},
  year    = {2021}
}

@incollection{0Endogeneity,
  author    = {Roberts, Michael R and Whited, Toni M},
  booktitle = {Handbook of the Economics of Finance},
  pages     = {493--572},
  publisher = {Elsevier},
  title     = {Endogeneity in empirical corporate finance1},
  volume    = {2},
  year      = {2013}
}
@article{donat2017addendum,
  author    = {Donat, Markus G and Lowry, Andrew L and Alexander, Lisa V and O'Gorman, Paul A and Maher, Nicola},
  journal   = {Nature Climate Change},
  number    = {2},
  pages     = {154--158},
  publisher = {Nature Publishing Group UK London},
  title     = {Addendum: More extreme precipitation in the world's dry and wet regions},
  volume    = {7},
  year      = {2017}
}

@article{trenberth2010relationships,
  author    = {Trenberth, Kevin E and Fasullo, John T and O'Dell, Chris and Wong, Takmeng},
  journal   = {Geophysical Research Letters},
  number    = {3},
  publisher = {Wiley Online Library},
  title     = {Relationships between tropical sea surface temperature and top-of-atmosphere radiation},
  volume    = {37},
  year      = {2010}
}
@article{alok2020fund,
  author    = {Alok, Shashwat and Kumar, Nitin and Wermers, Russ},
  journal   = {The Review of Financial Studies},
  number    = {3},
  pages     = {1146--1183},
  publisher = {Oxford University Press},
  title     = {Do fund managers misestimate climatic disaster risk},
  volume    = {33},
  year      = {2020}
}

@article{croll2018home,
  author    = {Grace, Martin F and Klein, Robert W and Kleindorfer, Paul R},
  journal   = {Journal of Risk and Insurance},
  number    = {3},
  pages     = {351--379},
  publisher = {Wiley Online Library},
  title     = {Homeowners insurance with bundled catastrophe coverage},
  volume    = {71},
  year      = {2004}
}

@article{plaza,
  author    = {Olivares-Tirado, Pedro and Tamiya, Nanako and Kashiwagi, Masayo},
  journal   = {BMC Health Services Research},
  pages     = {1--10},
  publisher = {Springer},
  title     = {Effect of in-home and community-based services on the functional status of elderly in the long-term care insurance system in Japan},
  volume    = {12},
  year      = {2012}
}

@article{zhong2022exposure,
  author    = {Zhong, Qian and Zhang, Hao and Sun, Xiaoke},
  journal   = {Frontiers in Public Health},
  pages     = {842665},
  publisher = {Frontiers},
  title     = {Exposure to Abnormally Hot Temperature and the Demand for Commercial Health Insurance},
  volume    = {10},
  year      = {2022}
}

@inproceedings{melnychenko2021influence,
  author    = {Melnychenko, Oleksandr and Kalna-Dubinyuk, Tetyana and Vovchak, Olha and Girchenko, Tetiana},
  booktitle = {E3S Web of Conferences},
  pages     = {1--12},
  title     = {The influence of climate change on the life insurance in the EU: A panel data approach},
  volume    = {307},
  year      = {2021}
}

@article{kurdys2019determinants,
  author    = {Kurdy{\'s}-Kujawska, Agnieszka and Sompolska-Rzechu{\l}a, Agnieszka},
  journal   = {Prace Naukowe Uniwersytetu Ekonomicznego we Wroc{\l}awiu},
  number    = {7},
  pages     = {71--81},
  publisher = {Wydawnictwo Uniwersytetu Ekonomicznego we Wroclawiu},
  title     = {Determinants of demand for life insurance: The example of farmers from north-west Poland},
  volume    = {63},
  year      = {2019}
}

@techreport{avdeenko2021impact,
  abstract    = {This paper investigates whether the 2013 floods in Germany affected risk preferences and mitigation behavior, using a representative, longitudinal data set. Exploiting the circumstance that this weather phenomenon was unanticipated, we provide robust evidence that flood exposure had a depressing impact on individual willingness to take risks. The effect size corresponds to a 4.85 percent reduction from the pre-treatment mean, varies between men and women, and is detectable up to five years after the shock. We show that this change is mediated by changes in well-being. Moreover, we discuss whether these changes in risk aversion may eventually reduce the costly moral hazard problem in climate change mitigation policies. In particular, we document that selection on risk aversion leads to a higher uptake in life insurances in high-risk areas.},
  author      = {Avdeenko, Alexandra and Eryilmaz, Onur},
  doi         = {},
  institution = {C.E.P.R. Discussion Papers},
  keywords    = {Microeconomic behavior; Risk aversion; Life insurance; Natural disasters},
  month       = Jun,
  number      = {16266},
  title       = {{The Impact of Climate Change on Risk Aversion and Mitigation Behavior: Evidence from Germany}},
  type        = {CEPR Discussion Papers},
  url         = {https://ideas.repec.org/p/cpr/ceprdp/16266.html},
  year        = 2021
}

@article{张翠华2020天气灾害致车险理赔的风险分析,
  author  = {张翠华},
  journal = {气候变化研究快报},
  number  = {1},
  pages   = {7},
  title   = {天气灾害致车险理赔的风险分析},
  volume  = {9},
  year    = {2020}
}

@article{卢亚娟殷君瑶2021户主风险态度对家庭金融资产配置的影响研究,
  author  = {卢亚娟 and 殷君瑶},
  journal = {现代经济探讨},
  number  = {012},
  pages   = {62-70},
  title   = {户主风险态度对家庭金融资产配置的影响研究},
  volume  = {000},
  year    = {2021}
}

@article{2018Something,
  author  = {Chang, Tom Y and Huang, Wei and Wang, Yongxiang},
  journal = {Review of Economic Studies},
  number  = {3},
  pages   = {1609-1634},
  title   = {Something in the Air: Pollution and the Demand for Health Insurance},
  volume  = {85},
  year    = {2018}
}

@article{0Do,
  author    = {Dessaint, Olivier and Matray, Adrien},
  journal   = {Journal of Financial Economics},
  number    = {1},
  pages     = {97--121},
  publisher = {Elsevier},
  title     = {Do managers overreact to salient risks? Evidence from hurricane strikes},
  volume    = {126},
  year      = {2017}
}

@article{shao2024typhoons,
  author    = {Shao, Lixiang and Zheng, Zhi},
  journal   = {JUSTC},
  number    = {2},
  pages     = {0202--1},
  publisher = {JUSTC},
  title     = {Typhoons’ effect, stock returns, and firms’ response: Insights from China},
  volume    = {54},
  year      = {2024}
}

@article{ummenhofer2017extreme,
  author    = {Ummenhofer, Caroline C and Meehl, Gerald A},
  journal   = {Philosophical Transactions of the Royal Society B: Biological Sciences},
  number    = {1723},
  pages     = {20160135},
  publisher = {The Royal Society},
  title     = {Extreme weather and climate events with ecological relevance: a review},
  volume    = {372},
  year      = {2017}
}

@article{alexander2006global,
  author    = {Alexander, Lisa Victoria and Zhang, Xuebin and Peterson, Tom C and Caesar, John and Gleason, Byron and Klein Tank, AMG and Haylock, Malcolm and Collins, Dean and Trewin, Blair and Rahimzadeh, Fatemeh and others},
  journal   = {Journal of Geophysical Research: Atmospheres},
  number    = {D5},
  publisher = {Wiley Online Library},
  title     = {Global observed changes in daily climate extremes of temperature and precipitation},
  volume    = {111},
  year      = {2006}
}

@article{tversky1973availability,
  author    = {Tversky, Amos and Kahneman, Daniel},
  journal   = {Cognitive psychology},
  number    = {2},
  pages     = {207--232},
  publisher = {Elsevier},
  title     = {Availability: A heuristic for judging frequency and probability},
  volume    = {5},
  year      = {1973}
}

@article{gigerenzer2011heuristic,
  author    = {Gigerenzer, Gerd and Gaissmaier, Wolfgang},
  journal   = {Annual review of psychology},
  pages     = {451--482},
  publisher = {Annual Reviews},
  title     = {Heuristic decision making},
  volume    = {62},
  year      = {2011}
}
@incollection{aigner2023summary,
  author    = {Aigner, Ernest and G{\"o}rg, Christoph and Madner, Verena and Muhar, Andreas and Posch, Alfred and Steininger, Karl W and Bohunovsky, Lisa and Essletzbichler, J{\"u}rgen and Fischer, Karin and Frey, Harald and others},
  booktitle = {APCC Special Report: Strukturen f{\"u}r ein klimafreundliches Leben},
  pages     = {19--33},
  publisher = {Springer},
  title     = {Summary for policymakers},
  year      = {2023}
}
@article{陈思柳2021不同决策情境下的损失厌恶效应差异,
  author    = {陈思柳},
  journal   = {Advances in Psychology},
  pages     = {222},
  publisher = {中文学术期刊, 汉斯出版社, Hans Publishers},
  title     = {不同决策情境下的损失厌恶效应差异},
  volume    = {11},
  year      = {2021}
}
